@inproceedings{FavreLV12,
  author    = {Jean-Marie Favre and
               Ralf L{\"a}mmel and
               Andrei Varanovich},
  title     = "{Modeling the Linguistic Architecture of Software Products}",
  pages     = {151-167},
  booktitle = "{Proc.\ of MODELS 2012}",
  publisher = {Springer},
  series    = {LNCS},
  volume    = {7590},
  year      = {2012},
}