@article{NaishS00,
  author    = {Lee Naish and
               Leon Sterling},
  title     = {Stepwise Enhancement and Higher-Order Programming in Prolog},
  journal   = {Journal of Functional and Logic Programming},
  volume    = {2000},
  number    = {4},
  year      = {2000},
  bibsource = {DBLP, http://dblp.uni-trier.de}
}

@article{LaemmelR01,
  author    = {Ralf L{\"a}mmel and
               G{\"u}nter Riedewald},
  title     = "{Prological Language Processing}",
  journal   = {ENTCS},
  volume    = {44},
  number    = {2},
  year      = {2001},
  pages     = {132-156},
  ee        = {http://dx.doi.org/10.1016/S1571-0661(04)80924-1},
  bibsource = {DBLP, http://dblp.uni-trier.de}
}

@inproceedings{LDGR04,
    author = { Michael Lawley and Keith Duddy and Anna Gerber and Kerry Raymond},
    title = {Language Features for Re-Use and Maintainability of {MDA} Transformations},
    booktitle = {Workshop on Best Practices for Model-Driven Software Development},
    year = {2004}
}

@InProceedings{JoKu06a,
  author       = "Jouault, Frederic and Kurtev, Ivan",
  title        = {Transforming Models with {ATL}},
  booktitle    = "Proceedings of Satellite Events at the MoDELS 2005 Conference",
  series =       "Lecture Notes in Computer Science",
  volume =       "3844",
  pages        = "128-138",
  year         = "2006",
  publisher    = "Springer",
  url          = "http://www.lina.sciences.univ-nantes.fr/Publications/2006/JK06a"
}

@incollection{BergmannBHTRV11,
  author    = {G{\'a}bor Bergmann and
               Artur Boronat and
               Reiko Heckel and
               Paolo Torrini and
               Istv{\'a}n R{\'a}th and
               D{\'a}niel Varr{\'o}},
  title     = "{Advances in Model Transformations by Graph Transformation:
               Specification, Execution and Analysis}",
  pages     = {561-584},
  booktitle = "{Rigorous Software Engineering for Service-Oriented Systems
               - Results of the SENSORIA Project on Software Engineering
               for Service-Oriented Computing}",
  publisher = {Springer},
  series    = {LNCS},
  volume    = {6582},
  year      = {2011},
}

@article{Heckel06,
  author    = {Reiko Heckel},
  title     = "{Graph Transformation in a Nutshell}",
  journal   = {ENTCS},
  volume    = {148},
  number    = {1},
  year      = {2006},
  pages     = {187-198},
}

@inproceedings{ShanZ09,
  author    = {Lijun Shan and
               Hong Zhu},
  title     = "{Semantics of Metamodels in UML}",
  pages     = {55-62},
  title     = {Proceedings of TASE 2009},
  publisher = {IEEE Computer Society},
  year      = {2009},
}